<?xml version="1.0" encoding="UTF-8"?><record xmlns="http://www.loc.gov/MARC21/slim" xmlns:cinclude="http://apache.org/cocoon/include/1.0" xmlns:zs="http://www.loc.gov/zing/srw/">
  <leader>00467cz  a2200133n  4500</leader>
  <controlfield tag="001">n  86061559 </controlfield>
  <controlfield tag="003">DLC</controlfield>
  <controlfield tag="005">20080413075317.0</controlfield>
  <controlfield tag="008">870916n| acannaabn          |n ana      </controlfield>
  <datafield tag="010" ind1=" " ind2=" ">
    <subfield code="a">n  86061559 </subfield>
  </datafield>
  <datafield tag="035" ind1=" " ind2=" ">
    <subfield code="a">(OCoLC)oca01942122</subfield>
  </datafield>
  <datafield tag="040" ind1=" " ind2=" ">
    <subfield code="a">DLC</subfield>
    <subfield code="b">eng</subfield>
    <subfield code="c">DLC</subfield>
    <subfield code="d">DLC</subfield>
    <subfield code="d">OCoLC</subfield>
  </datafield>
  <datafield tag="110" ind1="2" ind2=" ">
    <subfield code="a">Catholic Church.</subfield>
    <subfield code="b">Diocese of Syracuse (N.Y.).</subfield>
    <subfield code="b">Office for Communications</subfield>
  </datafield>
  <datafield tag="670" ind1=" " ind2=" ">
    <subfield code="a">O'Brien, D.J. Faith and friendship, c1987:</subfield>
    <subfield code="b">t.p. (Office for Communications, Catholic Diocese of Syracuse)</subfield>
  </datafield>
</record>